@article{econapplewatch,
title = {Wearable technology: The wear, why and how},
journaltitle = {The Economist},
date = {2015-03-14},
url = {http://www.economist.com/news/business/21646225-smartwatches-and-other-wearable-devices-become-mainstream-products-will-take-more}}

@online{appleresearchkit,
title = {ResearchKit for Developers},
date = {2015-03-23},
url = {https://developer.apple.com/researchkit/}}

@incollection{bao2004activity,
  title={Activity recognition from user-annotated acceleration data},
  author={Bao, Ling and Intille, Stephen S},
  booktitle={Pervasive computing},
  pages={1--17},
  year={2004},
  publisher={Springer}
}

@inproceedings{long2009single,
  title={Single-accelerometer-based daily physical activity classification},
  author={Long, Xi and Yin, Bin and Aarts, Ronald M},
  booktitle={Engineering in Medicine and Biology Society, 2009. EMBC 2009. Annual International Conference of the IEEE},
  pages={6107--6110},
  year={2009},
  organization={IEEE}
}
